%% start of file `publications.bib'.
%% Copyright 2006-2012 Xavier Danaux (xdanaux at gmail.com).
%
% This work may be distributed and/or modified under the
% conditions of the LaTeX Project Public License version 1.3c,
% available at http://www.latex-project.org/lppl/.

@inproceedings{haidl,
	title={Programming {GPUs} with {C++} 14 and Just-In-Time Compilation},
	author={Haidl, Michael and Hagedorn, Bastian and Gorlatch, Sergei},
	journal={Parallel Computing: On the Road to Exascale},
	volume={27},
	pages={247},
	year={2016},
	publisher={IOS Press}
}

@inproceedings{humernbrum,
	author={T. Humernbrum and B. Hagedorn and S. Gorlatch},
	booktitle={2016 IEEE 36th International Conference on Distributed Computing Systems Workshops (ICDCSW)},
	title={Towards Efficient Multicast Communication in Software-Defined Networks},
	year={2016},
	pages={106-113},
	keywords={Multicast;Routing;SDN},
	doi={10.1109/ICDCSW.2016.15},
	month={June},
}

@inproceedings{stahlhigh,
 title={High Quality Information Delivery: Demonstrating the Web in Your Pocket for Cineast Tourists},
 author={Stahl, Florian and Godde, Adrian and Hagedorn, Bastian and K{\"o}pcke, Bastian and Rehberger, Martin and Vossen, Gottfried},
 booktitle={Proceedings of the BTW 2015},
 pages={667--670},
 year={2015},
}

@incollection{stahl2014implementing,
 title={Implementing the {W}i{P}o architecture},
 author={Stahl, Florian and Godde, Adrian and Hagedorn, Bastian and K{\"o}pcke, Bastian and Rehberger, Martin and Vossen, Gottfried},
 booktitle={E-Commerce and Web Technologies},
 pages={1--12},
 year={2014},
 publisher={Springer}
}

@TechReport{RePEc:zbw:ercisw:20,
 author={Stahl, Florian and Godde, Adrian and Hagedorn, Bastian and Köpcke, Bastian and Rehberger, Martin and Vossen, Gottfried},
 title={{Implementing the WiPo architecture}},
 year=2014,
  institution={Westfälsche Wilhelms-Universität Münster (WWU)},
  type={ERCIS Working Papers},
  url={https://ideas.repec.org/p/zbw/ercisw/20.html},
 number={20},
}

%% end of file `publications.bib'.
